@ONLINE{blizzardstarcraft,
  title = {Starcraft Compendium},
  Author = {Blizzard},
  year = 2011,
  url = {http://classic.battle.net/scc/}
}

@online{blizzardstarcraft,
  title = {Starcraft Compendium},
  organization = {Blizzard},
  month = {des},
  year = {2011},
  url = {http://us.blizzard.com/_images/games/sc/slides/ss21-l.jpg}
}

@online{terranoverview,
  title = {Terran Strategypiss},
  organization = {Blizzard},
  month = {des},
  year = {2011},
  url = {http://classic.battle.net/scc/terran/}
}

